@article{avarikioti2018structure:paper,
  title={Structure and content of the visible Darknet},
  author={Avarikioti, Georgia and Brunner, Roman and Kiayias, Aggelos and Wattenhofer, Roger and Zindros, Dionysis},
  journal={arXiv preprint arXiv:1811.01348},
  year={2018}
}

@misc{bpbKleineGeschichte:online,
author = {Christian Stöcker},
title = {Kleine Geschichte der Hackerkultur | Cybersicherheit | bpb.de},
howpublished = {\url{https://www.bpb.de/shop/zeitschriften/apuz/cybersicherheit-2023/521304/kleine-geschichte-der-hackerkultur}},
month = {5},
year = {2025},
}

@misc{CambridgeHacker:online,
title = {HACKER | English meaning - Cambridge Dictionary},
howpublished = {\url{https://dictionary.cambridge.org/dictionary/english/hacker}},
month = {10},
year = {2024},
}

@misc{WhiteHatBlackHat:paper,
author = {Abeoussi, Jean},
year = {2019},
month = {10},
title = {{White Hat and Black Hat - The thin line of ethics.edited}}
}

@misc{BlackHat34:online,
title = {Black Hat-, White Hat- \& Grey Hat-Hacker},
howpublished = {\url{https://www.kaspersky.de/resource-center/definitions/hacker-hat-types}},
}

@misc{ScriptkiWikipedia:online,
	author = {Autoren der Wikimedia-Projekte},
	title = {Script kiddie - Wikipedia},
	url = "https://en.wikipedia.org/wiki/Script_kiddie",
	note = "[Online; aufgerufen am 25.12.2024]"
}


@misc{RegisterWikipedia:online,
	author = {Autoren der Wikimedia-Projekte},
	title = {Register (Prozessor) – Wikipedia},
	url = "https://de.wikipedia.org/wiki/Register_(Prozessor)",
	note = "[Online; aufgerufen am 25.12.2024]"
}

@misc{UsefulRe7:online,
	author = {Sharon Lin},
	title = {Useful Registers in Assembly. As someone who occasionally… | by Sharon Lin | Medium},
	url = "https://medium.com/@sharonlin/useful-registers-in-assembly-d9a9da22cdd9",
	month = {1},
	year = {2019},
	note = "[Online; aufgerufen am 25.12.2024]"
}

@misc{BitWiki31:online,
	author = {Autoren der Wikimedia-Projekte},
	title = {Bit – Wikipedia},
	url = "https://de.wikipedia.org/wiki/Bit",
	note = "[Online; aufgerufen am 25.12.2024]"
}

@misc{Solidsta16:online,
	author = {Contributors to Wikimedia projects},
	title = {Solid-state drive - Wikipedia},
	url = "https://en.wikipedia.org/w/index.php?title=Solid-state_drive",
	note = "[Online; aufgerufen am 25.12.2024]"
}

@misc{Harddisk45:online,
	author = {Contributors to Wikimedia projects},
	title = {Hard disk drive - Wikipedia},
	url = "https://en.wikipedia.org/wiki/Hard_disk_drive",
	note = "[Online; aufgerufen am 25.12.2024]"
}

@book{erickson2008hacking,
	title        = {Hacking: The Art of Exploitation},
	author       = {Erickson, Jon},
	year         = {2008},
	publisher    = {No Starch Press},
	address      = {San Francisco, CA},
	edition      = {2nd},
	isbn         = {978-1-59327-144-2},
}
